@Book{author:yes,
author = "XXX",
title = "YYY",
year = {2014},
isbn = {ZZZ},
publisher = {Springer},
}
